@book{curry1990christensen,
  title={Christensen's physics of diagnostic radiology},
  author={Curry, Thomas S and Dowdey, James E and Murry, Robert C},
  year={1990},
  publisher={Lippincott Williams \& Wilkins}
}

@book{westbrook2018mri,
  title={MRI in Practice},
  author={Westbrook, Catherine and Talbot, John},
  year={2018},
  publisher={John Wiley \& Sons}
}

@book{hoskins2019diagnostic,
  title={Diagnostic ultrasound: physics and equipment},
  author={Hoskins, Peter and Martin, Kevin and Thrush, Abigail},
  year={2019},
  publisher={CRC Press}
}

@book{gonzales1987digital,
  title={Digital image processing},
  author={Gonzales, Rafael C and Wintz, Paul},
  year={1987},
  publisher={Addison-Wesley Longman Publishing Co., Inc.}
}

@book{bankman2008handbook,
  title={Handbook of medical image processing and analysis},
  author={Bankman, Isaac},
  year={2008},
  publisher={Elsevier}
}

@book{li2015computer,
  title={Computer-aided detection and diagnosis in medical imaging},
  author={Li, Qiang and Nishikawa, Robert M},
  year={2015},
  publisher={Taylor \& Francis}
}

@book{cruz2016encyclopedia,
  title={Encyclopedia of e-health and telemedicine},
  author={Cruz-Cunha, Maria Manuela and Miranda, Isabel Maria and Martinho, Ricardo and Rijo, Rui},
  year={2016},
  publisher={IGI global}
}

@book{preim2007visualization,
  title={Visualization in medicine: theory, algorithms, and applications},
  author={Preim, Bernhard and Bartz, Dirk},
  year={2007},
  publisher={Elsevier}
}

