@misc{wikipedia_LAC,
  author = {{Wikipedia contributors}},
  title = {\href{https://en.wikipedia.org/wiki/Attenuation\_coefficient}{Attenuation coefficient}}
}

@misc{wikipedia_CT,
  author = {{Wikipedia contributors}},
  title = {\href{https://en.wikipedia.org/wiki/CT_scan}{CT scan}}
}

@misc{wikipedia_SPECT,
  author = {{Wikipedia contributors}},
  title = {\href{https://en.wikipedia.org/wiki/Single-photon_emission_computed_tomography}{Single-photon emission computed tomography}}
}

@misc{wikipedia_PET,
  author = {{Wikipedia contributors}},
  title = {\href{https://en.wikipedia.org/wiki/Positron_emission_tomography}{Positron emission tomography}}}
}

@misc{wikipedia_MRI,
  author = {{Wikipedia contributors}},
  title = {\href{https://en.wikipedia.org/wiki/Magnetic_resonance_imaging}{Magnetic resonance imaging}}
}

@misc{wikipedia_RF,
  author = {{Wikipedia contributors}},
  title = {\href{https://en.wikipedia.org/wiki/Radio_frequency}{Radio frequency}}
}

@misc{wikipedia_TFT,
  author = {{Wikipedia contributors}},
  title = {\href{https://en.wikipedia.org/wiki/Thin-film_transistor}{Thin-film transistor}}
}

@misc{wikipedia_SNR,
  author = {{Wikipedia contributors}},
  title = {\href{https://en.wikipedia.org/wiki/Signal-to-noise_ratio}{Thin-film transistor}}
}

@misc{wikipedia_EM,
  author = {{Wikipedia contributors}},
  title = {\href{https://en.wikipedia.org/wiki/Electromagnetic_radiation}{Electromagnetic radiation}}
}

